@book{rar,
    author = {Fipe},
    title = {Ristorazione - Rapporto annuale 2023},
    year = {2023},
    publisher = {Confcommercio}
}

@book{a2
    author = {https://www.salute.gov.it/portale/nutrizione/dettaglioContenutiNutrizione.jsp?lingua=italiano&id=1647&area=nutrizione&menu=vuoto}
}